@Misc{oracle,
  key    = "web:oracle",
  author = "",
  title  = "{ORACLE} --- OracleÂ® XML DB Developer's Guide, 11g Release 1 (11.1), Part Number B28369-04",
  note   = "\\ \verb|http://docs.oracle.com/cd/B28359_01/appdev.111/b28369/xdb21sec.htm|, stav z 15.\,5.\,2012",
}

@Misc{phpGACL,
  key    = "web:phpGACL",
  author = "",
  title  = "{phpGACL} --- Generic Access Control List with PHP",
  note   = "\\ \verb|phpgacl.sourceforge.net/manual.pdf|, stav z 15.\,5.\,2012",
}